%**********************************************************************
% Bibliographic data base file
%**********************************************************************

@Book{Goossens:1994,
author      = {Michel Goossens},
title       = {The \LaTeX Companion},
publisher   = {Addison-Wesley Publishing Company},
address     = {Reading, Massachusetts},
year        = {1994}
}

@Article{FEL91,
author      = {James Filici},
title       = {PostScript versus TrueType},
journal     = {Macworld},
volume      = {8}, 
pages       = {195--201},
month       = sep, 
year        = 1991
}

@Article{MIT90,
author      = {Frank Mittelbach and Rainer Sch\"opf},
title       = {{The New Font Selection ---
               User Interfaces to Standard \LaTeX}},
journal     = {TUGboat},
volume      = 11, 
number      = 2, 
pages       = {297--306},
year        = 1990
}

%**********************************************************************
